@book{
    author={Ralf Lämmel},
    title={Software Language Engineering},
    subtitle={Creating Domain-Specific Languages Using Metamodels},
    publisher={Springer International Publishing},
    year={2018},
    doi={10.1007/978-3-319-90800-7},
    isbn={978-3-030-08104-1}
}

@book{
    isbn={978-1-292-02434-9},
    author={Alfred V. Aho and Monica S. Lam and Ravi Sethi and Jeffrey D. Ullman},
    title={Compilers: Principles, Techniques, and Tools},
    subtitle={International Edition},
    publisher={Pearson Education Limited},
    year={2014},
    edition={2}
}

@unpublished{key,
  author = {Anya Bagge, w/Ralf Lämmel, Vadim Zaytsev},
  title  = {INF225 Notes},
  year   = {2016}
}